<record><leader>00000cas a22000007a 4500</leader><controlfield tag="001">13039635</controlfield><controlfield tag="008">860120d19151969njuwr ne      0    0eng d</controlfield><datafield ind1=" " ind2=" " tag="010"><subfield code="a">sn 85035850 </subfield></datafield><datafield ind1=" " ind2=" " tag="040"><subfield code="a">NPA</subfield><subfield code="b">eng</subfield><subfield code="c">NPA</subfield><subfield code="d">NJW</subfield><subfield code="d">OCLCQ</subfield></datafield><datafield ind1=" " ind2=" " tag="042"><subfield code="a">msc</subfield></datafield><datafield ind1="0" ind2="4" tag="245"><subfield code="a">The Millburn-Short Hills item.</subfield></datafield><datafield ind1="3" ind2="0" tag="246"><subfield code="a">Millburn and Short Hills item</subfield></datafield><datafield ind1=" " ind2=" " tag="260"><subfield code="a">Millburn, N.J. :</subfield><subfield code="b">Community Press</subfield></datafield><datafield ind1=" " ind2=" " tag="300"><subfield code="a">v. :</subfield><subfield code="b">ill. ;</subfield><subfield code="c">56 cm.</subfield></datafield><datafield ind1=" " ind2=" " tag="310"><subfield code="a">Weekly</subfield></datafield><datafield ind1="1" ind2=" " tag="362"><subfield code="a">Began in 1915? Ceased with Mar. 13, 1969 issue.</subfield></datafield><datafield ind1=" " ind2=" " tag="500"><subfield code="a">"Covering Millburn, Wyoming, Short Hills, Brantwood, Springfield."</subfield></datafield><datafield ind1=" " ind2=" " tag="500"><subfield code="a">Published as: Millburn and Short Hills item, Apr. 9, 1937-Mar. 13, 1969.</subfield></datafield><datafield ind1=" " ind2=" " tag="500"><subfield code="a">Issue for Oct. 17, 1968 is the 80th anniversary issue.</subfield></datafield><datafield ind1=" " ind2=" " tag="588"><subfield code="a">Description based on: Vol. 42, no. 40 (Oct. 3, 1929).</subfield></datafield><datafield ind1=" " ind2=" " tag="752"><subfield code="a">United States</subfield><subfield code="b">New Jersey</subfield><subfield code="c">Essex</subfield><subfield code="d">Millburn.</subfield></datafield><datafield ind1=" " ind2=" " tag="752"><subfield code="a">United States</subfield><subfield code="b">New Jersey</subfield><subfield code="c">Essex</subfield><subfield code="d">Short Hills.</subfield></datafield><datafield ind1=" " ind2=" " tag="752"><subfield code="a">United States</subfield><subfield code="b">New Jersey</subfield><subfield code="c">Union</subfield><subfield code="d">Springfield.</subfield></datafield><datafield ind1="0" ind2="0" tag="780"><subfield code="t">Short-Hills item</subfield><subfield code="w">(DLC)sn 85035849</subfield><subfield code="w">(OCoLC)13039631</subfield></datafield><datafield ind1="0" ind2="0" tag="785"><subfield code="t">Item (Millburn, N.J.)</subfield><subfield code="w">(DLC)sn 85036047</subfield><subfield code="w">(OCoLC)12593099</subfield></datafield></record>